@misc{ Nobody06,
	author= "Nobody Jr",
	title= "my Article",
	year= "2006"}
