@Article{entrykey,
  author =   {Author One and Author Two and Author Three},
  title =    {Paper Title},
  journal =      {Journal Name},
  year =     {2016},
  OPTkey =   {},
  OPTvolume =    {},
  OPTnumber =    {},
  OPTpages =     {},
  OPTmonth =     {},
  OPTnote =      {},
  OPTannote =    {}
}
