@book{test,
        author= "Barrett, Tom",
        title = "My First Book!",
        year = "2017",
        publisher = "Tom Publishing"
}
